@article{alley2019unified,
    title = {Unified rational protein engineering with sequence-based deep representation learning},
    author = {Alley, Ethan C and Khimulya, Grigory and Biswas, Surojit and AlQuraishi, Mohammed and Church, George M},
    journal = {Nature methods},
    volume = {16},
    number = {12},
    pages = {1315--1322},
    year = {2019},
    publisher = {Nature Publishing Group},
}

@inproceedings{abadi2016tensorflow,
    title = {Tensorflow: A system for large-scale machine learning},
    author = {Abadi, Martin and Barham, Paul and Chen, Jianmin and Chen, Zhifeng and Davis, Andy and Dean, Jeffrey
              and Devin, Matthieu and Ghemawat, Sanjay and Irving, Geoffrey and Isard, Michael and others},
    booktitle = {12th $\{$USENIX$\}$ Symposium on Operating Systems Design and Implementation ($\{$OSDI$\}$ 16)},
    pages = {265--283},
    year = {2016},
}

@software{jax2018github,
    author = {James Bradbury and Roy Frostig and Peter Hawkins and Matthew James Johnson and Chris Leary and Dougal
              Maclaurin and Skye Wanderman-Milne},
    title = {{JAX}: composable transformations of {P}ython+{N}um{P}y programs},
    url = {http://github.com/google/jax},
    version = {0.1.55},
    year = {2018},
}

@book{oliphant2006guide,
    title = {A guide to NumPy},
    author = {Oliphant, Travis E},
    volume = {1},
    year = {2006},
    publisher = {Trelgol Publishing USA},
}


@online{kaparthy2017software2,
    title = {Software 2.0},
    author = {Karpathy, Andrej},
    url = {https://medium.com/@karpathy/software-2-0-a64152b37c35},
    year = {2017},
}

@article{sarkisyan2016local,
  title={Local fitness landscape of the green fluorescent protein},
  author={Sarkisyan, Karen S and Bolotin, Dmitry A and Meer, Margarita V and Usmanova, Dinara R and Mishin, Alexander S and Sharonov, George V and Ivankov, Dmitry N and Bozhanova, Nina G and Baranov, Mikhail S and Soylemez, Onuralp and others},
  journal={Nature},
  volume={533},
  number={7603},
  pages={397--401},
  year={2016},
  publisher={Nature Publishing Group}
}

@article{scikit-learn,
 title={Scikit-learn: Machine Learning in {P}ython},
 author={Pedregosa, F. and Varoquaux, G. and Gramfort, A. and Michel, V.
         and Thirion, B. and Grisel, O. and Blondel, M. and Prettenhofer, P.
         and Weiss, R. and Dubourg, V. and Vanderplas, J. and Passos, A. and
         Cournapeau, D. and Brucher, M. and Perrot, M. and Duchesnay, E.},
 journal={Journal of Machine Learning Research},
 volume={12},
 pages={2825--2830},
 year={2011}
}

@incollection{pytorch,
title = {PyTorch: An Imperative Style, High-Performance Deep Learning Library},
author = {Paszke, Adam and Gross, Sam and Massa, Francisco and Lerer, Adam and Bradbury, James and Chanan, Gregory and Killeen, Trevor and Lin, Zeming and Gimelshein, Natalia and Antiga, Luca and Desmaison, Alban and Kopf, Andreas and Yang, Edward and DeVito, Zachary and Raison, Martin and Tejani, Alykhan and Chilamkurthy, Sasank and Steiner, Benoit and Fang, Lu and Bai, Junjie and Chintala, Soumith},
booktitle = {Advances in Neural Information Processing Systems 32},
editor = {H. Wallach and H. Larochelle and A. Beygelzimer and F. d\textquotesingle Alch\'{e}-Buc and E. Fox and R. Garnett},
pages = {8024--8035},
year = {2019},
publisher = {Curran Associates, Inc.},
url = {http://papers.neurips.cc/paper/9015-pytorch-an-imperative-style-high-performance-deep-learning-library.pdf}
}
