@article{alley2019unified,
    title = {Unified rational protein engineering with sequence-based deep representation learning},
    author = {Alley, Ethan C and Khimulya, Grigory and Biswas, Surojit and AlQuraishi, Mohammed and Church, George M},
    journal = {Nature methods},
    volume = {16},
    number = {12},
    pages = {1315--1322},
    year = {2019},
    publisher = {Nature Publishing Group},
}

@inproceedings{abadi2016tensorflow,
    title = {Tensorflow: A system for large-scale machine learning},
    author = {Abadi, Martin and Barham, Paul and Chen, Jianmin and Chen, Zhifeng and Davis, Andy and Dean, Jeffrey
              and Devin, Matthieu and Ghemawat, Sanjay and Irving, Geoffrey and Isard, Michael and others},
    booktitle = {12th $\{$USENIX$\}$ Symposium on Operating Systems Design and Implementation ($\{$OSDI$\}$ 16)},
    pages = {265--283},
    year = {2016},
}

@software{jax2018github,
    author = {James Bradbury and Roy Frostig and Peter Hawkins and Matthew James Johnson and Chris Leary and Dougal
              Maclaurin and Skye Wanderman-Milne},
    title = {{JAX}: composable transformations of {P}ython+{N}um{P}y programs},
    url = {http://github.com/google/jax},
    version = {0.1.55},
    year = {2018},
}

@book{oliphant2006guide,
    title = {A guide to NumPy},
    author = {Oliphant, Travis E},
    volume = {1},
    year = {2006},
    publisher = {Trelgol Publishing USA},
}


@online{kaparthy2017software2,
    title = {Software 2.0},
    author = {Karpathy, Andrej},
    url = {https://medium.com/@karpathy/software-2-0-a64152b37c35},
    year = {2017},
}
